%YAML 1.1
%TAG !u! tag:unity3d.com,2011:
--- !u!29 &1
OcclusionCullingSettings:
  m_ObjectHideFlags: 0
  serializedVersion: 2
  m_OcclusionBakeSettings:
    smallestOccluder: 5
    smallestHole: 0.25
    backfaceThreshold: 100
  m_SceneGUID: 00000000000000000000000000000000
  m_OcclusionCullingData: {fileID: 0}
--- !u!104 &2
RenderSettings:
  m_ObjectHideFlags: 0
  serializedVersion: 7
  m_Fog: 0
  m_FogColor: {r: 0.5, g: 0.5, b: 0.5, a: 1}
  m_FogMode: 3
  m_FogDensity: 0.01
  m_LinearFogStart: 0
  m_LinearFogEnd: 300
  m_AmbientSkyColor: {r: 0.212, g: 0.227, b: 0.259, a: 1}
  m_AmbientEquatorColor: {r: 0.114, g: 0.125, b: 0.133, a: 1}
  m_AmbientGroundColor: {r: 0.047, g: 0.043, b: 0.035, a: 1}
  m_AmbientIntensity: 1
  m_AmbientMode: 0
  m_SkyboxMaterial: {fileID: 10304, guid: 0000000000000000f000000000000000, type: 0}
  m_HaloStrength: 0.5
  m_FlareStrength: 1
  m_FlareFadeSpeed: 3
  m_HaloTexture: {fileID: 0}
  m_SpotCookie: {fileID: 10001, guid: 0000000000000000e000000000000000, type: 0}
  m_DefaultReflectionMode: 0
  m_DefaultReflectionResolution: 128
  m_ReflectionBounces: 1
  m_ReflectionIntensity: 1
  m_CustomReflection: {fileID: 0}
  m_Sun: {fileID: 0}
  m_IndirectSpecularColor: {r: 0.44657844, g: 0.49641222, b: 0.57481694, a: 1}
--- !u!157 &3
LightmapSettings:
  m_ObjectHideFlags: 0
  serializedVersion: 7
  m_GIWorkflowMode: 0
  m_GISettings:
    serializedVersion: 2
    m_BounceScale: 1
    m_IndirectOutputScale: 1
    m_AlbedoBoost: 1
    m_TemporalCoherenceThreshold: 1
    m_EnvironmentLightingMode: 0
    m_EnableBakedLightmaps: 1
    m_EnableRealtimeLightmaps: 1
  m_LightmapEditorSettings:
    serializedVersion: 4
    m_Resolution: 2
    m_BakeResolution: 40
    m_TextureWidth: 1024
    m_TextureHeight: 1024
    m_AO: 0
    m_AOMaxDistance: 1
    m_CompAOExponent: 1
    m_CompAOExponentDirect: 0
    m_Padding: 2
    m_LightmapParameters: {fileID: 0}
    m_LightmapsBakeMode: 1
    m_TextureCompression: 1
    m_DirectLightInLightProbes: 1
    m_FinalGather: 0
    m_FinalGatherFiltering: 1
    m_FinalGatherRayCount: 256
    m_ReflectionCompression: 2
  m_LightingDataAsset: {fileID: 0}
  m_RuntimeCPUUsage: 25
--- !u!196 &4
NavMeshSettings:
  serializedVersion: 2
  m_ObjectHideFlags: 0
  m_BuildSettings:
    serializedVersion: 2
    agentTypeID: 0
    agentRadius: 0.5
    agentHeight: 2
    agentSlope: 45
    agentClimb: 0.4
    ledgeDropHeight: 0
    maxJumpAcrossDistance: 0
    minRegionArea: 2
    manualCellSize: 0
    cellSize: 0.16666667
    accuratePlacement: 0
  m_NavMeshData: {fileID: 0}
--- !u!1 &258355869
GameObject:
  m_ObjectHideFlags: 0
  m_PrefabParentObject: {fileID: 0}
  m_PrefabInternal: {fileID: 0}
  serializedVersion: 5
  m_Component:
  - component: {fileID: 258355871}
  - component: {fileID: 258355870}
  m_Layer: 0
  m_Name: Directional Light
  m_TagString: Untagged
  m_Icon: {fileID: 0}
  m_NavMeshLayer: 0
  m_StaticEditorFlags: 0
  m_IsActive: 1
--- !u!108 &258355870
Light:
  m_ObjectHideFlags: 0
  m_PrefabParentObject: {fileID: 0}
  m_PrefabInternal: {fileID: 0}
  m_GameObject: {fileID: 258355869}
  m_Enabled: 1
  serializedVersion: 7
  m_Type: 1
  m_Color: {r: 1, g: 0.95686275, b: 0.8392157, a: 1}
  m_Intensity: 1
  m_Range: 10
  m_SpotAngle: 30
  m_CookieSize: 10
  m_Shadows:
    m_Type: 0
    m_Resolution: -1
    m_CustomResolution: -1
    m_Strength: 1
    m_Bias: 0.05
    m_NormalBias: 0.4
    m_NearPlane: 0.2
  m_Cookie: {fileID: 0}
  m_DrawHalo: 0
  m_Flare: {fileID: 0}
  m_RenderMode: 0
  m_CullingMask:
    serializedVersion: 2
    m_Bits: 4294967295
  m_Lightmapping: 4
  m_AreaSize: {x: 1, y: 1}
  m_BounceIntensity: 1
  m_ShadowRadius: 0
  m_ShadowAngle: 0
--- !u!4 &258355871
Transform:
  m_ObjectHideFlags: 0
  m_PrefabParentObject: {fileID: 0}
  m_PrefabInternal: {fileID: 0}
  m_GameObject: {fileID: 258355869}
  m_LocalRotation: {x: 0.40821788, y: -0.23456968, z: 0.10938163, w: 0.8754261}
  m_LocalPosition: {x: 0, y: 3, z: 0}
  m_LocalScale: {x: 1, y: 1, z: 1}
  m_Children: []
  m_Father: {fileID: 0}
  m_RootOrder: 1
  m_LocalEulerAnglesHint: {x: 50, y: -30, z: 0}
--- !u!1 &496741068
GameObject:
  m_ObjectHideFlags: 0
  m_PrefabParentObject: {fileID: 0}
  m_PrefabInternal: {fileID: 0}
  serializedVersion: 5
  m_Component:
  - component: {fileID: 496741073}
  - component: {fileID: 496741072}
  - component: {fileID: 496741071}
  - component: {fileID: 496741070}
  - component: {fileID: 496741069}
  m_Layer: 0
  m_Name: Main Camera
  m_TagString: MainCamera
  m_Icon: {fileID: 0}
  m_NavMeshLayer: 0
  m_StaticEditorFlags: 0
  m_IsActive: 1
--- !u!81 &496741069
AudioListener:
  m_ObjectHideFlags: 0
  m_PrefabParentObject: {fileID: 0}
  m_PrefabInternal: {fileID: 0}
  m_GameObject: {fileID: 496741068}
  m_Enabled: 1
--- !u!124 &496741070
Behaviour:
  m_ObjectHideFlags: 0
  m_PrefabParentObject: {fileID: 0}
  m_PrefabInternal: {fileID: 0}
  m_GameObject: {fileID: 496741068}
  m_Enabled: 1
--- !u!92 &496741071
Behaviour:
  m_ObjectHideFlags: 0
  m_PrefabParentObject: {fileID: 0}
  m_PrefabInternal: {fileID: 0}
  m_GameObject: {fileID: 496741068}
  m_Enabled: 1
--- !u!20 &496741072
Camera:
  m_ObjectHideFlags: 0
  m_PrefabParentObject: {fileID: 0}
  m_PrefabInternal: {fileID: 0}
  m_GameObject: {fileID: 496741068}
  m_Enabled: 1
  serializedVersion: 2
  m_ClearFlags: 2
  m_BackGroundColor: {r: 0.19215687, g: 0.3019608, b: 0.4745098, a: 0}
  m_NormalizedViewPortRect:
    serializedVersion: 2
    x: 0
    y: 0
    width: 1
    height: 1
  near clip plane: 0.3
  far clip plane: 1000
  field of view: 60
  orthographic: 0
  orthographic size: 5
  m_Depth: -1
  m_CullingMask:
    serializedVersion: 2
    m_Bits: 4294967295
  m_RenderingPath: -1
  m_TargetTexture: {fileID: 0}
  m_TargetDisplay: 0
  m_TargetEye: 3
  m_HDR: 0
  m_OcclusionCulling: 1
  m_StereoConvergence: 10
  m_StereoSeparation: 0.022
  m_StereoMirrorMode: 0
--- !u!4 &496741073
Transform:
  m_ObjectHideFlags: 0
  m_PrefabParentObject: {fileID: 0}
  m_PrefabInternal: {fileID: 0}
  m_GameObject: {fileID: 496741068}
  m_LocalRotation: {x: 0, y: 0, z: 0, w: 1}
  m_LocalPosition: {x: 0, y: 0.84, z: -3.1}
  m_LocalScale: {x: 1, y: 1, z: 1}
  m_Children: []
  m_Father: {fileID: 0}
  m_RootOrder: 0
  m_LocalEulerAnglesHint: {x: 0, y: 0, z: 0}
--- !u!1 &887596880 stripped
GameObject:
  m_PrefabParentObject: {fileID: 1385235444788966, guid: b6076b27f87df224f856184c4f4120a9,
    type: 2}
  m_PrefabInternal: {fileID: 1433193828}
--- !u!114 &887596881
MonoBehaviour:
  m_ObjectHideFlags: 0
  m_PrefabParentObject: {fileID: 0}
  m_PrefabInternal: {fileID: 0}
  m_GameObject: {fileID: 887596880}
  m_Enabled: 1
  m_EditorHideFlags: 0
  m_Script: {fileID: 11500000, guid: cc561045624a42a4d81c474e4e80da08, type: 3}
  m_Name: 
  m_EditorClassIdentifier: 
--- !u!114 &887596886
MonoBehaviour:
  m_ObjectHideFlags: 0
  m_PrefabParentObject: {fileID: 0}
  m_PrefabInternal: {fileID: 0}
  m_GameObject: {fileID: 887596880}
  m_Enabled: 1
  m_EditorHideFlags: 0
  m_Script: {fileID: 11500000, guid: 0e75a67bf65054d4c87d78c37cd3e554, type: 3}
  m_Name: 
  m_EditorClassIdentifier: 
  Lines: 0
  Dots: 0
--- !u!1001 &1013718562
Prefab:
  m_ObjectHideFlags: 0
  serializedVersion: 2
  m_Modification:
    m_TransformParent: {fileID: 0}
    m_Modifications:
    - target: {fileID: 4588507212491576, guid: b6076b27f87df224f856184c4f4120a9, type: 2}
      propertyPath: m_LocalPosition.x
      value: 0
      objectReference: {fileID: 0}
    - target: {fileID: 4588507212491576, guid: b6076b27f87df224f856184c4f4120a9, type: 2}
      propertyPath: m_LocalPosition.y
      value: 0.028575
      objectReference: {fileID: 0}
    - target: {fileID: 4588507212491576, guid: b6076b27f87df224f856184c4f4120a9, type: 2}
      propertyPath: m_LocalPosition.z
      value: -1.0787
      objectReference: {fileID: 0}
    - target: {fileID: 4588507212491576, guid: b6076b27f87df224f856184c4f4120a9, type: 2}
      propertyPath: m_LocalRotation.x
      value: 0
      objectReference: {fileID: 0}
    - target: {fileID: 4588507212491576, guid: b6076b27f87df224f856184c4f4120a9, type: 2}
      propertyPath: m_LocalRotation.y
      value: 0
      objectReference: {fileID: 0}
    - target: {fileID: 4588507212491576, guid: b6076b27f87df224f856184c4f4120a9, type: 2}
      propertyPath: m_LocalRotation.z
      value: 0
      objectReference: {fileID: 0}
    - target: {fileID: 4588507212491576, guid: b6076b27f87df224f856184c4f4120a9, type: 2}
      propertyPath: m_LocalRotation.w
      value: 1
      objectReference: {fileID: 0}
    - target: {fileID: 4588507212491576, guid: b6076b27f87df224f856184c4f4120a9, type: 2}
      propertyPath: m_RootOrder
      value: 4
      objectReference: {fileID: 0}
    - target: {fileID: 114993724896803070, guid: b6076b27f87df224f856184c4f4120a9,
        type: 2}
      propertyPath: v.z
      value: 0
      objectReference: {fileID: 0}
    - target: {fileID: 114993724896803070, guid: b6076b27f87df224f856184c4f4120a9,
        type: 2}
      propertyPath: v.x
      value: 0
      objectReference: {fileID: 0}
    - target: {fileID: 114993724896803070, guid: b6076b27f87df224f856184c4f4120a9,
        type: 2}
      propertyPath: v.y
      value: 0
      objectReference: {fileID: 0}
    - target: {fileID: 114993724896803070, guid: b6076b27f87df224f856184c4f4120a9,
        type: 2}
      propertyPath: w.y
      value: 0
      objectReference: {fileID: 0}
    - target: {fileID: 114993724896803070, guid: b6076b27f87df224f856184c4f4120a9,
        type: 2}
      propertyPath: w.x
      value: 0
      objectReference: {fileID: 0}
    - target: {fileID: 114993724896803070, guid: b6076b27f87df224f856184c4f4120a9,
        type: 2}
      propertyPath: id
      value: 2
      objectReference: {fileID: 0}
    - target: {fileID: 114993724896803070, guid: b6076b27f87df224f856184c4f4120a9,
        type: 2}
      propertyPath: m
      value: 1
      objectReference: {fileID: 0}
    - target: {fileID: 1385235444788966, guid: b6076b27f87df224f856184c4f4120a9, type: 2}
      propertyPath: m_Name
      value: Sphere (1)
      objectReference: {fileID: 0}
    - target: {fileID: 4588507212491576, guid: b6076b27f87df224f856184c4f4120a9, type: 2}
      propertyPath: m_LocalEulerAnglesHint.x
      value: 0
      objectReference: {fileID: 0}
    - target: {fileID: 4588507212491576, guid: b6076b27f87df224f856184c4f4120a9, type: 2}
      propertyPath: m_LocalEulerAnglesHint.y
      value: 0
      objectReference: {fileID: 0}
    - target: {fileID: 4588507212491576, guid: b6076b27f87df224f856184c4f4120a9, type: 2}
      propertyPath: m_LocalEulerAnglesHint.z
      value: 0
      objectReference: {fileID: 0}
    m_RemovedComponents: []
  m_ParentPrefab: {fileID: 100100000, guid: b6076b27f87df224f856184c4f4120a9, type: 2}
  m_IsPrefabParent: 0
--- !u!1 &1013718563 stripped
GameObject:
  m_PrefabParentObject: {fileID: 1385235444788966, guid: b6076b27f87df224f856184c4f4120a9,
    type: 2}
  m_PrefabInternal: {fileID: 1013718562}
--- !u!114 &1013718564
MonoBehaviour:
  m_ObjectHideFlags: 0
  m_PrefabParentObject: {fileID: 0}
  m_PrefabInternal: {fileID: 0}
  m_GameObject: {fileID: 1013718563}
  m_Enabled: 1
  m_EditorHideFlags: 0
  m_Script: {fileID: 11500000, guid: cc561045624a42a4d81c474e4e80da08, type: 3}
  m_Name: 
  m_EditorClassIdentifier: 
--- !u!114 &1013718569
MonoBehaviour:
  m_ObjectHideFlags: 0
  m_PrefabParentObject: {fileID: 0}
  m_PrefabInternal: {fileID: 0}
  m_GameObject: {fileID: 1013718563}
  m_Enabled: 1
  m_EditorHideFlags: 0
  m_Script: {fileID: 11500000, guid: 0e75a67bf65054d4c87d78c37cd3e554, type: 3}
  m_Name: 
  m_EditorClassIdentifier: 
  Lines: 0
  Dots: 0
--- !u!1001 &1433193828
Prefab:
  m_ObjectHideFlags: 0
  serializedVersion: 2
  m_Modification:
    m_TransformParent: {fileID: 0}
    m_Modifications:
    - target: {fileID: 4588507212491576, guid: b6076b27f87df224f856184c4f4120a9, type: 2}
      propertyPath: m_LocalPosition.x
      value: -0.05715
      objectReference: {fileID: 0}
    - target: {fileID: 4588507212491576, guid: b6076b27f87df224f856184c4f4120a9, type: 2}
      propertyPath: m_LocalPosition.y
      value: 0.028575
      objectReference: {fileID: 0}
    - target: {fileID: 4588507212491576, guid: b6076b27f87df224f856184c4f4120a9, type: 2}
      propertyPath: m_LocalPosition.z
      value: -1.0789
      objectReference: {fileID: 0}
    - target: {fileID: 4588507212491576, guid: b6076b27f87df224f856184c4f4120a9, type: 2}
      propertyPath: m_LocalRotation.x
      value: 0
      objectReference: {fileID: 0}
    - target: {fileID: 4588507212491576, guid: b6076b27f87df224f856184c4f4120a9, type: 2}
      propertyPath: m_LocalRotation.y
      value: 0
      objectReference: {fileID: 0}
    - target: {fileID: 4588507212491576, guid: b6076b27f87df224f856184c4f4120a9, type: 2}
      propertyPath: m_LocalRotation.z
      value: 0
      objectReference: {fileID: 0}
    - target: {fileID: 4588507212491576, guid: b6076b27f87df224f856184c4f4120a9, type: 2}
      propertyPath: m_LocalRotation.w
      value: 1
      objectReference: {fileID: 0}
    - target: {fileID: 4588507212491576, guid: b6076b27f87df224f856184c4f4120a9, type: 2}
      propertyPath: m_RootOrder
      value: 5
      objectReference: {fileID: 0}
    - target: {fileID: 114993724896803070, guid: b6076b27f87df224f856184c4f4120a9,
        type: 2}
      propertyPath: v.z
      value: 0
      objectReference: {fileID: 0}
    - target: {fileID: 114993724896803070, guid: b6076b27f87df224f856184c4f4120a9,
        type: 2}
      propertyPath: v.x
      value: 0
      objectReference: {fileID: 0}
    - target: {fileID: 114993724896803070, guid: b6076b27f87df224f856184c4f4120a9,
        type: 2}
      propertyPath: v.y
      value: 0
      objectReference: {fileID: 0}
    - target: {fileID: 114993724896803070, guid: b6076b27f87df224f856184c4f4120a9,
        type: 2}
      propertyPath: w.y
      value: 0
      objectReference: {fileID: 0}
    - target: {fileID: 114993724896803070, guid: b6076b27f87df224f856184c4f4120a9,
        type: 2}
      propertyPath: w.x
      value: 0
      objectReference: {fileID: 0}
    - target: {fileID: 114993724896803070, guid: b6076b27f87df224f856184c4f4120a9,
        type: 2}
      propertyPath: id
      value: 1
      objectReference: {fileID: 0}
    - target: {fileID: 114993724896803070, guid: b6076b27f87df224f856184c4f4120a9,
        type: 2}
      propertyPath: m
      value: 1
      objectReference: {fileID: 0}
    - target: {fileID: 1385235444788966, guid: b6076b27f87df224f856184c4f4120a9, type: 2}
      propertyPath: m_Name
      value: Sphere (2)
      objectReference: {fileID: 0}
    - target: {fileID: 4588507212491576, guid: b6076b27f87df224f856184c4f4120a9, type: 2}
      propertyPath: m_LocalEulerAnglesHint.y
      value: 0
      objectReference: {fileID: 0}
    - target: {fileID: 4588507212491576, guid: b6076b27f87df224f856184c4f4120a9, type: 2}
      propertyPath: m_LocalEulerAnglesHint.z
      value: 0
      objectReference: {fileID: 0}
    - target: {fileID: 4588507212491576, guid: b6076b27f87df224f856184c4f4120a9, type: 2}
      propertyPath: m_LocalEulerAnglesHint.x
      value: 0
      objectReference: {fileID: 0}
    m_RemovedComponents: []
  m_ParentPrefab: {fileID: 100100000, guid: b6076b27f87df224f856184c4f4120a9, type: 2}
  m_IsPrefabParent: 0
--- !u!1001 &1491771100
Prefab:
  m_ObjectHideFlags: 0
  serializedVersion: 2
  m_Modification:
    m_TransformParent: {fileID: 0}
    m_Modifications:
    - target: {fileID: 4588507212491576, guid: b6076b27f87df224f856184c4f4120a9, type: 2}
      propertyPath: m_LocalPosition.x
      value: 0.15
      objectReference: {fileID: 0}
    - target: {fileID: 4588507212491576, guid: b6076b27f87df224f856184c4f4120a9, type: 2}
      propertyPath: m_LocalPosition.y
      value: 0.028575
      objectReference: {fileID: 0}
    - target: {fileID: 4588507212491576, guid: b6076b27f87df224f856184c4f4120a9, type: 2}
      propertyPath: m_LocalPosition.z
      value: -0.9287
      objectReference: {fileID: 0}
    - target: {fileID: 4588507212491576, guid: b6076b27f87df224f856184c4f4120a9, type: 2}
      propertyPath: m_LocalRotation.x
      value: 0
      objectReference: {fileID: 0}
    - target: {fileID: 4588507212491576, guid: b6076b27f87df224f856184c4f4120a9, type: 2}
      propertyPath: m_LocalRotation.y
      value: 0
      objectReference: {fileID: 0}
    - target: {fileID: 4588507212491576, guid: b6076b27f87df224f856184c4f4120a9, type: 2}
      propertyPath: m_LocalRotation.z
      value: 0
      objectReference: {fileID: 0}
    - target: {fileID: 4588507212491576, guid: b6076b27f87df224f856184c4f4120a9, type: 2}
      propertyPath: m_LocalRotation.w
      value: 1
      objectReference: {fileID: 0}
    - target: {fileID: 4588507212491576, guid: b6076b27f87df224f856184c4f4120a9, type: 2}
      propertyPath: m_RootOrder
      value: 2
      objectReference: {fileID: 0}
    - target: {fileID: 114993724896803070, guid: b6076b27f87df224f856184c4f4120a9,
        type: 2}
      propertyPath: v.y
      value: 0
      objectReference: {fileID: 0}
    - target: {fileID: 114514016300425770, guid: b6076b27f87df224f856184c4f4120a9,
        type: 2}
      propertyPath: Lines
      value: 0
      objectReference: {fileID: 0}
    - target: {fileID: 114993724896803070, guid: b6076b27f87df224f856184c4f4120a9,
        type: 2}
      propertyPath: v.x
      value: -3
      objectReference: {fileID: 0}
    - target: {fileID: 114993724896803070, guid: b6076b27f87df224f856184c4f4120a9,
        type: 2}
      propertyPath: v.z
      value: -3
      objectReference: {fileID: 0}
    m_RemovedComponents: []
  m_ParentPrefab: {fileID: 100100000, guid: b6076b27f87df224f856184c4f4120a9, type: 2}
  m_IsPrefabParent: 0
--- !u!1001 &1558985823
Prefab:
  m_ObjectHideFlags: 0
  serializedVersion: 2
  m_Modification:
    m_TransformParent: {fileID: 0}
    m_Modifications:
    - target: {fileID: 4552603076909694, guid: 84b6f83f28c089e4aa2210914bdc3591, type: 2}
      propertyPath: m_LocalPosition.x
      value: 0
      objectReference: {fileID: 0}
    - target: {fileID: 4552603076909694, guid: 84b6f83f28c089e4aa2210914bdc3591, type: 2}
      propertyPath: m_LocalPosition.y
      value: 0
      objectReference: {fileID: 0}
    - target: {fileID: 4552603076909694, guid: 84b6f83f28c089e4aa2210914bdc3591, type: 2}
      propertyPath: m_LocalPosition.z
      value: 0
      objectReference: {fileID: 0}
    - target: {fileID: 4552603076909694, guid: 84b6f83f28c089e4aa2210914bdc3591, type: 2}
      propertyPath: m_LocalRotation.x
      value: 0
      objectReference: {fileID: 0}
    - target: {fileID: 4552603076909694, guid: 84b6f83f28c089e4aa2210914bdc3591, type: 2}
      propertyPath: m_LocalRotation.y
      value: 0
      objectReference: {fileID: 0}
    - target: {fileID: 4552603076909694, guid: 84b6f83f28c089e4aa2210914bdc3591, type: 2}
      propertyPath: m_LocalRotation.z
      value: 0
      objectReference: {fileID: 0}
    - target: {fileID: 4552603076909694, guid: 84b6f83f28c089e4aa2210914bdc3591, type: 2}
      propertyPath: m_LocalRotation.w
      value: 1
      objectReference: {fileID: 0}
    - target: {fileID: 4552603076909694, guid: 84b6f83f28c089e4aa2210914bdc3591, type: 2}
      propertyPath: m_RootOrder
      value: 6
      objectReference: {fileID: 0}
    m_RemovedComponents: []
  m_ParentPrefab: {fileID: 100100000, guid: 84b6f83f28c089e4aa2210914bdc3591, type: 2}
  m_IsPrefabParent: 0
--- !u!1 &1994188748
GameObject:
  m_ObjectHideFlags: 0
  m_PrefabParentObject: {fileID: 0}
  m_PrefabInternal: {fileID: 0}
  serializedVersion: 5
  m_Component:
  - component: {fileID: 1994188750}
  - component: {fileID: 1994188749}
  - component: {fileID: 1994188752}
  - component: {fileID: 1994188751}
  m_Layer: 0
  m_Name: Simulation
  m_TagString: Untagged
  m_Icon: {fileID: 0}
  m_NavMeshLayer: 0
  m_StaticEditorFlags: 0
  m_IsActive: 1
--- !u!114 &1994188749
MonoBehaviour:
  m_ObjectHideFlags: 0
  m_PrefabParentObject: {fileID: 0}
  m_PrefabInternal: {fileID: 0}
  m_GameObject: {fileID: 1994188748}
  m_Enabled: 1
  m_EditorHideFlags: 0
  m_Script: {fileID: 11500000, guid: df7038cdb87f87c488e6b5536353bbf2, type: 3}
  m_Name: 
  m_EditorClassIdentifier: 
  dt: 0.016666666666666666
--- !u!4 &1994188750
Transform:
  m_ObjectHideFlags: 0
  m_PrefabParentObject: {fileID: 0}
  m_PrefabInternal: {fileID: 0}
  m_GameObject: {fileID: 1994188748}
  m_LocalRotation: {x: 0, y: 0, z: 0, w: 1}
  m_LocalPosition: {x: 0, y: 0, z: 0.297}
  m_LocalScale: {x: 1, y: 1, z: 1}
  m_Children: []
  m_Father: {fileID: 0}
  m_RootOrder: 3
  m_LocalEulerAnglesHint: {x: 0, y: 0, z: 0}
--- !u!114 &1994188751
MonoBehaviour:
  m_ObjectHideFlags: 0
  m_PrefabParentObject: {fileID: 0}
  m_PrefabInternal: {fileID: 0}
  m_GameObject: {fileID: 1994188748}
  m_Enabled: 1
  m_EditorHideFlags: 0
  m_Script: {fileID: 11500000, guid: dbc1d80f70381ba4dbafdeb95310755a, type: 3}
  m_Name: 
  m_EditorClassIdentifier: 
  BallPrefab: {fileID: 1385235444788966, guid: b6076b27f87df224f856184c4f4120a9, type: 2}
  Correction: 0
  Rows: 5
  Active: 0
--- !u!114 &1994188752
MonoBehaviour:
  m_ObjectHideFlags: 0
  m_PrefabParentObject: {fileID: 0}
  m_PrefabInternal: {fileID: 0}
  m_GameObject: {fileID: 1994188748}
  m_Enabled: 1
  m_EditorHideFlags: 0
  m_Script: {fileID: 11500000, guid: d76b0a16fdefd04428f1e6a50f53f4ea, type: 3}
  m_Name: 
  m_EditorClassIdentifier: 
  BallPrefab: {fileID: 1385235444788966, guid: b6076b27f87df224f856184c4f4120a9, type: 2}
  Correction: 0
  N: 4
  Active: 0
